01REMESSA01COBRANCA       22500000113743000000C BARRETO DA SILVA            001BANCO DO BRASIL1811150000015                      2772259                                                                                                                                                                                                                                                                  000001
70200000000000000225000001137432772259                         277225900000000190000       0000000000     17020000050/0113111500000000020000010000 01N13101500000000000000000000000000000000000000000000000000000000000100000000000000                                        , ,                                                                          MENSAGEM NOVA                           10 000002
5999000000000000000000                                                                                                                                                                                                                                                                                                                                                                                    000003
70200000000000000225000001137432772259                         277225900000000200000       0000000000     1702DDD       03121500000000100000010000 01N03111500000000000000000000000000000000000000000000000000000000000166542002003055BLU TREE HOTEL & RISORTS DO BRASIL S/   AV HUBERTO CALDERADO FINHO, 00817,      ADRIANOPOLIS69057021MANAUS         AMMENSAGEM NOVA                           10 000004
5999000000000000000000                                                                                                                                                                                                                                                                                                                                                                                    000005
9                                                                                                                                                                                                                                                                                                                                                                                                         000006
