01REMESSA01COBRANCA       22500000113743000000C BARRETO DA SILVA            001BANCO DO BRASIL2912150000015                      2772259                                                                                                                                                                                                                                                                  000001
70200000000000000225000001137432772259                         277225900000000190000       0000000000     1702001249/3  27031600000000175000010000 01N28121500000000000000000000000000000000000000000000000000000000000102737125000124FRIGORIFICO AMAZONAS LTDA EPP           AV MARIO DIOGO DE MELO, 9850,           PLATO DO PIQ69850000BOCA DO ACRE   AMMENSAGEM NOVA                           10 000002
5999000000000000000000                                                                                                                                                                                                                                                                                                                                                                                    000003
70200000000000000225000001137432772259                         277225900000000200000       0000000000     1702001249/2  26021600000000175000010000 01N28121500000000000000000000000000000000000000000000000000000000000102737125000124FRIGORIFICO AMAZONAS LTDA EPP           AV MARIO DIOGO DE MELO, 9850,           PLATO DO PIQ69850000BOCA DO ACRE   AMMENSAGEM NOVA                           10 000004
5999000000000000000000                                                                                                                                                                                                                                                                                                                                                                                    000005
70200000000000000225000001137432772259                         277225900000000210000       0000000000     1702001249/1  27011600000000175000010000 01N28121500000000000000000000000000000000000000000000000000000000000102737125000124FRIGORIFICO AMAZONAS LTDA EPP           AV MARIO DIOGO DE MELO, 9850,           PLATO DO PIQ69850000BOCA DO ACRE   AMMENSAGEM NOVA                           10 000006
5999000000000000000000                                                                                                                                                                                                                                                                                                                                                                                    000007
70200000000000000225000001137432772259                         277225900000000220000       0000000000     170214556     26011600000000201000010000 01N26121500000000000000000000000000000000000000000000000000000000000100000000000000 BALCAO                                 , 01114,                                CENTRO      69000000MANAUS         AMMENSAGEM NOVA                           10 000008
5999000000000000000000                                                                                                                                                                                                                                                                                                                                                                                    000009
70200000000000000225000001137432772259                         277225900000000230000       0000000000     17022542      26011600000000105100010000 01N26121500000000000000000000000000000000000000000000000000000000000100000000000000 BALCAO                                 , 01114,                                CENTRO      69000000MANAUS         AMMENSAGEM NOVA                           10 000010
5999000000000000000000                                                                                                                                                                                                                                                                                                                                                                                    000011
70200000000000000225000001137432772259                         277225900000000240000       0000000000     1702NF25687   26011600000000105000010000 01N26121500000000000000000000000000000000000000000000000000000000000100000000000000 BALCAO                                 , 01114,                                CENTRO      69000000MANAUS         AMMENSAGEM NOVA                           10 000012
5999000000000000000000                                                                                                                                                                                                                                                                                                                                                                                    000013
9                                                                                                                                                                                                                                                                                                                                                                                                         000014
